@article{blei2003latent,
  title={Latent dirichlet allocation},
  author={Blei, David M and Ng, Andrew Y and Jordan, Michael I},
  journal={Journal of machine Learning research},
  volume={3},
  number={Jan},
  pages={993--1022},
  year={2003}
}

@inproceedings{zhai2012mr,
  title={Mr. LDA: A flexible large scale topic modeling package using variational inference in mapreduce},
  author={Zhai, Ke and Boyd-Graber, Jordan and Asadi, Nima and Alkhouja, Mohamad L},
  booktitle={Proceedings of the 21st international conference on World Wide Web},
  pages={879--888},
  year={2012},
  organization={ACM}
}

@inproceedings{zhang2015harp,
  title={Harp: Collective communication on hadoop},
  author={Zhang, Bingjing and Ruan, Yang and Qiu, Judy},
  booktitle={Cloud Engineering (IC2E), 2015 IEEE International Conference on},
  pages={228--233},
  year={2015},
  organization={IEEE}
}

@book{white2012hadoop,
  title={Hadoop: The definitive guide},
  author={White, Tom},
  year={2012},
  publisher={" O'Reilly Media, Inc."}
}

@misc{cutting2008apache,
  title={Apache Lucene},
  author={Cutting, D and Busch, M and Cohen, D and Gospodnetic, O and Hatcher, E and Hostetter, C and Ingersoll, G and McCandless, M and Messer, B and Naber, D and others},
  year={2008}
}