@ARTICLE{ciresan2010deep,
  title={Deep, big, simple neural nets for handwritten digit recognition},
  author={Ciresan, Dan Claudiu and Meier, Ueli and Gambardella, Luca Maria and Schmidhuber, J{\"u}rgen},
  journal={Neural computation},
  volume={22},
  number={12},
  pages={3207--3220},
  year={2010},
  publisher={MIT Press}
}
@INCOLLECTION{lecun2012efficient,
  title={Efficient backprop},
  author={LeCun, Yann A and Bottou, L{\'e}on and Orr, Genevieve B and M{\"u}ller, Klaus-Robert},
  booktitle={Neural networks: Tricks of the trade},
  pages={9--48},
  year={2012},
  publisher={Springer}
}
@INPROCEEDINGS{dean2012large,
  title={Large scale distributed deep networks},
  author={Dean, Jeffrey and Corrado, Greg and Monga, Rajat and Chen, Kai and Devin, Matthieu and Mao, Mark and Senior, Andrew and Tucker, Paul and Yang, Ke and Le, Quoc V and others},
  booktitle={Advances in neural information processing systems},
  pages={1223--1231},
  year={2012}
}
@ARTICLE{su2015experiments,
  title={Experiments on Parallel Training of Deep Neural Network using Model Averaging},
  author={Su, Hang and Chen, Haoyu},
  journal={arXiv preprint arXiv:1507.01239},
  year={2015}
}
@INPROCEEDINGS{seide2011conversational,
  title={Conversational Speech Transcription Using Context-Dependent Deep Neural Networks.},
  author={Seide, Frank and Li, Gang and Yu, Dong},
  booktitle={Interspeech},
  pages={437--440},
  year={2011}
}
@MISC{dvincentNN,
   author = "David Vincent",
   title = "Neural Network",
   year = "2011",
   url = "https://github.com/dvincent1337/NeuralNetwork",
 }



