

@misc{seqCode,
  title = {Random Forest},
  howpublished = {\url{https://github.com/ironmanMA/Random-Forest}},
  note = {Arafath, Mohammad}
}


@misc{jmlSeqCode,
  title = {JavaML - Random Forest},
  howpublished = {\url{http://java-ml.sourceforge.net}},
  note = {Abeel, Thomas}
}


@article{wright2015ranger,
  title={ranger: A fast implementation of random forests for high dimensional data in C++ and R},
  author={Wright, Marvin N and Ziegler, Andreas},
  journal={arXiv preprint arXiv:1508.04409},
  year={2015}
}

@article{genuer2015random,
  title={Random Forests for Big Data},
  author={Genuer, Robin and Poggi, Jean-Michel and Tuleau-Malot, Christine and Villa-Vialaneix, Nathalie},
  journal={arXiv preprint arXiv:1511.08327},
  year={2015}
}

@Article{Breiman2001,
author="Breiman, Leo",
title="Random Forests",
journal="Machine Learning",
year="2001"
}

@inproceedings{reiss2012introducing,
  title={Introducing a new benchmarked dataset for activity monitoring},
  author={Reiss, Attila and Stricker, Didier},
  booktitle={2012 16th International Symposium on Wearable Computers},
  year={2012},
  organization={IEEE}
}

@inproceedings{reiss2012creating,
  title={Creating and benchmarking a new dataset for physical activity monitoring},
  author={Reiss, Attila and Stricker, Didier},
  booktitle={Proceedings of the 5th International Conference on PErvasive Technologies Related to Assistive Environments},
  year={2012},
  organization={ACM}
}

@article{abeel2009java,
  title={Java-ml: A machine learning library},
  author={Abeel, Thomas and Peer, Yves Van de and Saeys, Yvan},
  journal={Journal of Machine Learning Research},
  volume={10},
  number={Apr},
  pages={931--934},
  year={2009}
}
